<record><leader>01334cam a2200361 a 4500</leader><controlfield tag="001">1001379</controlfield><controlfield tag="008">880408s1985    it fa    bc       0 ita d</controlfield><datafield ind1=" " ind2=" " tag="010"><subfield code="a">   86158896</subfield></datafield><datafield ind1=" " ind2=" " tag="020"><subfield code="a">8870581578</subfield></datafield><datafield ind1=" " ind2=" " tag="035"><subfield code="a">ocm15427478</subfield></datafield><datafield ind1=" " ind2=" " tag="040"><subfield code="a">DLC</subfield><subfield code="b">eng</subfield><subfield code="c">DLC</subfield></datafield><datafield ind1=" " ind2=" " tag="043"><subfield code="a">e-it---</subfield></datafield><datafield ind1=" " ind2=" " tag="049"><subfield code="a">AEU</subfield><subfield code="b">eng</subfield></datafield><datafield ind1="0" ind2="0" tag="050"><subfield code="a">DG70.A77</subfield><subfield code="b">T56 1985</subfield></datafield><datafield ind1="0" ind2=" " tag="082"><subfield code="a">937/.7</subfield><subfield code="2">19</subfield></datafield><datafield ind1="0" ind2=" " tag="090"><subfield code="a">DG 70 A76 T588 1985</subfield></datafield><datafield ind1="1" ind2=" " tag="100"><subfield code="a">Tin&#232; Bertocchi, Fernanda.</subfield></datafield><datafield ind1="1" ind2="3" tag="245"><subfield code="a">Le necropoli daunie di Ascoli Satriano e Arpi /</subfield><subfield code="c">Fernanda Tin&#232; Bertocchi.</subfield></datafield><datafield ind1=" " ind2=" " tag="260"><subfield code="a">Genova :</subfield><subfield code="b">Sagep,</subfield><subfield code="c">c1985.</subfield></datafield><datafield ind1=" " ind2=" " tag="300"><subfield code="a">318 p., 32 p. of plates :</subfield><subfield code="b">ill. (some col.) ;</subfield><subfield code="c">29 cm.</subfield></datafield><datafield ind1=" " ind2=" " tag="336"><subfield code="a">text</subfield><subfield code="b">txt</subfield><subfield code="2">rdacontent</subfield></datafield><datafield ind1=" " ind2=" " tag="337"><subfield code="a">unmediated</subfield><subfield code="b">n</subfield><subfield code="2">rdamedia</subfield></datafield><datafield ind1=" " ind2=" " tag="338"><subfield code="a">volume</subfield><subfield code="b">nc</subfield><subfield code="2">rdacarrier</subfield></datafield><datafield ind1=" " ind2=" " tag="504"><subfield code="a">Bibliography: p. 316-318.</subfield></datafield><datafield ind1=" " ind2=" " tag="596"><subfield code="a">38</subfield></datafield><datafield ind1=" " ind2="0" tag="650"><subfield code="a">Daunii (Italic people)</subfield><subfield code="z">Italy</subfield><subfield code="z">Ascoli Satriano</subfield><subfield code="v">Catalogs.</subfield></datafield><datafield ind1=" " ind2="0" tag="650"><subfield code="a">Daunii (Italic people)</subfield><subfield code="z">Italy</subfield><subfield code="z">Arpi (Extinct city)</subfield><subfield code="v">Catalogs.</subfield></datafield><datafield ind1=" " ind2="0" tag="650"><subfield code="a">Tombs</subfield><subfield code="z">Italy</subfield><subfield code="z">Ascoli Satriano</subfield><subfield code="v">Catalogs.</subfield></datafield><datafield ind1=" " ind2="0" tag="650"><subfield code="a">Tombs</subfield><subfield code="z">Italy</subfield><subfield code="z">Arpi (Extinct city)</subfield><subfield code="v">Catalogs.</subfield></datafield><datafield ind1=" " ind2="0" tag="651"><subfield code="a">Ascoli Satriano (Italy)</subfield><subfield code="x">Antiquities</subfield><subfield code="v">Catalogs.</subfield></datafield><datafield ind1=" " ind2="0" tag="651"><subfield code="a">Arpi (Extinct city)</subfield><subfield code="v">Catalogs.</subfield></datafield><datafield ind1=" " ind2="0" tag="651"><subfield code="a">Italy</subfield><subfield code="x">Antiquities</subfield><subfield code="v">Catalogs.</subfield></datafield><datafield ind1=" " ind2=" " tag="926"><subfield code="a">DG 70 A76 T588 1985</subfield><subfield code="w">LC</subfield><subfield code="c">1</subfield><subfield code="i">000024092751</subfield><subfield code="l">ON_SHELF</subfield><subfield code="m">UABARD</subfield><subfield code="p">$150.00</subfield><subfield code="r">Y</subfield><subfield code="s">Y</subfield><subfield code="t">BOOK</subfield><subfield code="u">4/14/1988</subfield><subfield code="o">.STAFF. C0012305</subfield></datafield></record>